<?xml version="1.0" encoding="UTF-8" ?>
<marc:collection xmlns:marc="http://www.loc.gov/MARC21/slim" 
xmlns:xsi="http://www.w3.org/2001/XMLSchema-instance" 
xsi:schemaLocation="http://www.loc.gov/MARC21/slim 
http://www.loc.gov/standards/marcxml/schema/MARC21slim.xsd">
  <marc:record>
    <marc:leader>00000nam a2200421 c 4500</marc:leader>
    <marc:controlfield tag="007">cr |||||||||||</marc:controlfield>
    <marc:controlfield tag="007">tu</marc:controlfield>
    <marc:controlfield tag="008">      |2017    au      om    ||| |     u</marc:controlfield>
    <marc:datafield tag="040" ind1=" " ind2=" ">
      <marc:subfield code="a">UBG</marc:subfield>
      <marc:subfield code="b">ger</marc:subfield>
      <marc:subfield code="c">VL-WG-UBG</marc:subfield>
      <marc:subfield code="e">rda</marc:subfield>
    </marc:datafield>
    <marc:datafield tag="044" ind1=" " ind2=" ">
      <marc:subfield code="c">XA-AT</marc:subfield>
    </marc:datafield>
    <marc:datafield tag="100" ind1="1" ind2=" ">
      <marc:subfield code="a">Schwarzbraun, Thomas</marc:subfield>
      <marc:subfield code="4">aut</marc:subfield>
    </marc:datafield>
    <marc:datafield tag="245" ind1="0" ind2="0">
      <marc:subfield code="a">Models for congenital generalized lipodystrophy, type 1 and type 2 (CGL1, CGL2) in Drosophila: functional analysis of BSCL2 and AGPAT2</marc:subfield>
    </marc:datafield>
    <marc:datafield tag="246" ind1="3" ind2="3">
      <marc:subfield code="a">Models for congenital generalized lipodystrophy, type 1 and type 2 (CGL1, CGL2) in Drosophila: functional analysis of BSCL2 and AGPAT2</marc:subfield>
    </marc:datafield>
    <marc:datafield tag="264" ind1=" " ind2="1">
      <marc:subfield code="a">Graz</marc:subfield>
      <marc:subfield code="c">2017</marc:subfield>
    </marc:datafield>
    <marc:datafield tag="336" ind1=" " ind2=" ">
      <marc:subfield code="b">txt</marc:subfield>
    </marc:datafield>
    <marc:datafield tag="337" ind1=" " ind2=" ">
      <marc:subfield code="b">n</marc:subfield>
    </marc:datafield>
    <marc:datafield tag="338" ind1=" " ind2=" ">
      <marc:subfield code="b">nc</marc:subfield>
    </marc:datafield>
    <marc:datafield tag="500" ind1=" " ind2=" ">
      <marc:subfield code="a">Arbeit an der Bibliothek noch nicht eingelangt - Daten nicht geprüft</marc:subfield>
    </marc:datafield>
    <marc:datafield tag="500" ind1=" " ind2=" ">
      <marc:subfield code="a">Abweichender Titel laut Übersetzung des Verfassers/der Verfasserin</marc:subfield>
    </marc:datafield>
    <marc:datafield tag="502" ind1=" " ind2=" ">
      <marc:subfield code="b">Dissertation</marc:subfield>
      <marc:subfield code="c">Karl-Franzens-Universität Graz</marc:subfield>
      <marc:subfield code="d">2017</marc:subfield>
    </marc:datafield>
    <marc:datafield tag="520" ind1=" " ind2=" ">
        <marc:subfield code="a">ger: Die kongenitale generalisierte Lipodystrophie (CGL) ist eine seltene autosomal-rezessiv vererbte Erkrankung, die durch die vollständige Abwesenheit von Fettgewebe von Geburt oder frühen Kindheit an, einer schweren Insulinresistenz und einem frühen Auftreten von Diabetes gekennzeichnet ist. Von den 4 Genen, von denen derzeit bekannt ist, dass sie CGL verursachen können, ist der Krankheitsmechanismus hinter der AGPAT2-Mutation (CGL1) bekannt, während Mutationen in BSCL2 zwei stark unterschiedliche Phänotypen verursachen können: autosomal-rezessive CGL2 und autosomal dominant hereditäre Neuropathie (SPG17). Obwohl in den letzten Jahren viel Forschung an BSCL2 betrieben wurde, bleiben die molekulare Funktionen, die zu den jeweiligen Phänotypen führt, ungewiss.Zur Entwicklung von Krankheitsmodellen erwies sich der Modellorganismus Drosophila melanogaster als nützlich, da die homologen Gene CG9904 (dBSCL2) und CG3812 (dAGPAT2) stark konserviert sind. Die Mutationsstellen für den neurologischen Phänotyp SPG17 sind jedoch nicht in dBSCL2 konserviert, was die Nützlichkeit zur Untersuchung einschränkt. Unter Verwendung von Exzisionsmutagenese konnten mehrere CG9904-Nullmutantenstämme etabliert werden. Leider erwies sich die CG3812-Mutagenese als nicht erfolgreich. Zusätzlich wurden transgene Stämme, die dBSCL2-EGFP-Fusionsproteine enthielten, erzeugt. Dies bildete die Grundlage für die phänotypische Charakterisierung und die Untersuchung der subzellulären Verteilung von dBSCL2.Da die BSCL2-Nullmutation beim Menschen zu einem schweren Phänotyp des Fettgewebes (CGL2) führt, lag der Schwerpunkt der phänotypischen Charakterisierung des dBSCL2-Knock-outs auf Stoffwechsel-Assays. Der beobachtete Phänotyp war durch eine verminderte Resistenz gegen Hunger, eine Verschiebung des Lipidgehaltes und eine veränderte Morphologie der Lipid-Tröpfchen gekennzeichnet. Dies zeigt, dass das Drosophila dBSCL2-Modell geeignet ist, die Pathogenese des menschlichen Phänotyps aufzuklären.</marc:subfield>
    </marc:datafield>
    <marc:datafield tag="520" ind1=" " ind2=" ">
      <marc:subfield code="a">eng: Congenital generalized lipodystrophy (CGL) is a rare autosomal recessive   disorder characterized by near complete absence of adipose tissue from birth or early infancy, severe insulin resistance, and early onset of diabetes. Among the four genes currently known to cause CGL, the disease mechanisms behind AGPAT2 mutation (CGL1, encodes 1-acylglycerol-3-phosphate O-acyltransferase-2) are known, whereas mutations in BSCL2 can cause two distinct phenotypes: autosomal recessive congenital lipodystrophy type 2 (CGL2) and autosomal dominant hereditary neuropathy (SPG17). Although much work has been done on BSCL2 in the recent years, the detailed molecular function resulting in these phenotypes remains uncertain. To develop disease models, the model organism Drosophila melanogaster proved useful, as the homologous genes CG9904 (dBSCL2) and CG3812 (dAGPAT2) encode proteins highly similar to the human proteins. However, the mutation sites for SPG17 are not conserved in dBSCL2, limiting the usefulness for studying the neurologic phenotype. Using excision mutagenesis, multiple CG9904 null mutant strains could be established. Unfortunately, the CG3812 screen proved to be unsuccessful in generating null mutant strains. In addition, transgenic strains containing dBSCL2-EGFP-fusions proteins were generated. This constituted the basis for the phenotypic characterisation and to study the tissue and sub-cellular distribution of dBSCL2.  Because the BSCL2 null mutation in human results in a severe phenotype of the adipose tissue (CGL2), the focus of the phenotypic characterization of the dBSCL2 knock-out was on metabolic assays like hatching rate, starvation and lipid droplet formation. The observed phenotype was marked by reduced resistance to starvation, a shift in lipid content and altered lipid droplet morphology. This shows that the Drosophila dBSCL2-model is suitable to study the proteins function and to elucidate the pathogenesis of the human phenotype.</marc:subfield>
    </marc:datafield>
    <marc:datafield tag="655" ind1=" " ind2="7">
      <marc:subfield code="a">Hochschulschrift</marc:subfield>
      <marc:subfield code="0">(DE-588)4113937-9</marc:subfield>
      <marc:subfield code="2">gnd-content</marc:subfield>
    </marc:datafield>
    <marc:datafield tag="700" ind1="1" ind2=" ">
      <marc:subfield code="4">aut</marc:subfield>
    </marc:datafield>
    <marc:datafield tag="751" ind1=" " ind2=" ">
      <marc:subfield code="a">Graz</marc:subfield>
      <marc:subfield code="0">(DE-588)4021912-4</marc:subfield>
      <marc:subfield code="4">uvp</marc:subfield>
      <marc:subfield code="2">gnd</marc:subfield>
    </marc:datafield>
    <marc:datafield tag="856" ind1="4" ind2=" ">
      <marc:subfield code="u">https://it013179.pers.ad.uni-graz.at:7090/Nawi/e783fa3493a50dca39b81811fa8f0561.pdf</marc:subfield>
      <marc:subfield code="x">UBG</marc:subfield>
      <marc:subfield code="3">Volltext</marc:subfield>
    </marc:datafield>
    <marc:datafield tag="970" ind1="2" ind2=" ">
      <marc:subfield code="d">HS-DISS</marc:subfield>
    </marc:datafield>
    <marc:datafield tag="971" ind1="1" ind2=" ">
      <marc:subfield code="a">Wagner, Klaus</marc:subfield>
    </marc:datafield>
    <marc:datafield tag="971" ind1="1" ind2=" ">
      <marc:subfield code="a">Madeo, Frank</marc:subfield>
    </marc:datafield>
    <marc:datafield tag="971" ind1="3" ind2=" ">
      <marc:subfield code="a">2017-10</marc:subfield>
    </marc:datafield>
    <marc:datafield tag="971" ind1="5" ind2=" ">
      <marc:subfield code="a">Universität Graz</marc:subfield>
      <marc:subfield code="b">Naturwissenschaftliche Fakultät</marc:subfield>
      <marc:subfield code="c">Institut für Molekulare Biowissenschaften</marc:subfield>
      <marc:subfield code="0">vls-obvugr-196515</marc:subfield>
    </marc:datafield>
    <marc:datafield tag="974" ind1="0" ind2="s">
      <marc:subfield code="F">030</marc:subfield>
      <marc:subfield code="A">a|1urr|||||17</marc:subfield>
    </marc:datafield>
    <marc:datafield tag="974" ind1="0" ind2="s">
      <marc:subfield code="F">050</marc:subfield>
      <marc:subfield code="A">a|a|||||g|||||</marc:subfield>
    </marc:datafield>
    <marc:datafield tag="974" ind1="0" ind2="s">
      <marc:subfield code="F">051</marc:subfield>
      <marc:subfield code="A">mu||||||</marc:subfield>
    </marc:datafield>
  </marc:record>
</marc:collection>
